version https://git-lfs.github.com/spec/v1
oid sha256:573a68fe482bb4216fe3f610261e2daacdacb4b0c7029874354477fe74467361
size 72042
