version https://git-lfs.github.com/spec/v1
oid sha256:3fc886386fa5a9281997323779feef0bf48f813afb1cee59d3328576b1b71717
size 11063
