version https://git-lfs.github.com/spec/v1
oid sha256:1db84d0eefcd4872bad38a343809e2e54150a9f8c77a849ce1120e71073fcd0a
size 3874
