version https://git-lfs.github.com/spec/v1
oid sha256:7346fd4a6d5338593f09ef78fa54a24e268afdbd7fcdf4e4a75528b01b4a0fe4
size 85060
