version https://git-lfs.github.com/spec/v1
oid sha256:5b08b35ddbbe59153a1e5a7c34f5105b73a3363ff59c1abbdcb3e6b395284a55
size 2415
