version https://git-lfs.github.com/spec/v1
oid sha256:a17d8a34f45dfa49641bb3e98d85b23a74b03aeec445300b3af72cb8936486cf
size 1049
