version https://git-lfs.github.com/spec/v1
oid sha256:51dc0ed760059d97c05309855456f00a6677f7a452ce82d87fda64c94a1df8e8
size 8643
